@misc{geopopai,
  author       = {Geopop},
  title        = {Intelligenza Artificiale: non solo robot ma anche self driving car e trading tra le sue applicazioni },
  year         = {2022},
  url          = {https://youtu.be/-D2kPFkwTmg},
}

@misc{cyclegan,
  author       = {Jun-Yan Zhu},
  title        = {Turning a horse video into a zebra video (by CycleGAN)},
  year         = {2017},
  url          = {https://www.youtube.com/watch?v=9reHvktowLY},
}

@misc{geopopdeepfake,
  author       = {Geopop},
  title        = {La tecnologia dietro ai Deepfake: come vengono creati e come ci protegge la legge},
  year         = {2024},
  url          = {https://youtu.be/-D2kPFkwTmg},
}

@misc{gpt,
  author       = {3Blue1Brown},
  title        = {Transformers (how LLMs work) explained visually | DL5},
  year         = {2024},
  url          = {https://youtu.be/wjZofJX0v4M},
}

@article{turing,
  author  = {A. M. Turing},
  title   = {COMPUTING MACHINERY AND INTELLIGENCE},
  journal = {Mind},
  year    = {1950},
  volume  = {49},
  pages   = {433--460},
  url     = {https://archive.org/details/MIND--COMPUTING-MACHINERY-AND-INTELLIGENCE}
}

@misc{emergent,
      title={Emergent Abilities of Large Language Models}, 
      author={Jason Wei and Yi Tay and Rishi Bommasani and Colin Raffel and Barret Zoph and Sebastian Borgeaud and Dani Yogatama and Maarten Bosma and Denny Zhou and Donald Metzler and Ed H. Chi and Tatsunori Hashimoto and Oriol Vinyals and Percy Liang and Jeff Dean and William Fedus},
      year={2022},
      eprint={2206.07682},
      archivePrefix={arXiv},
      primaryClass={cs.CL},
      url={https://arxiv.org/abs/2206.07682}, 
}

@online{treccani,
  author       = {{Treccani, il portale del sapere}},
  title        = {“Intelligènza”},
  url          = {https://www.treccani.it/vocabolario/intelligenza/},
}
@online{newspaper1,
  author    = {Chris Stokel-Walker},
  title     = {University examiners fail to spot ChatGPT answers in real-world test},
  year      = {2025},
  url       = {https://www.newscientist.com/article/2436888-university-examiners-fail-to-spot-chatgpt-answers-in-real-world-test/},
  note      = {New Scientist}
}
@online{newspaper2,
  author    = {Chris Stokel-Walker},
  title     = {ChatGPT gets better marks than students in some university courses},
  year      = {2023},
  url       = {https://www.newscientist.com/article/2388789-chatgpt-gets-better-marks-than-students-in-some-university-courses},
  note      = {New Scientist}
}
@online{newspaper3,
  author    = {Ian Youngs},
  title     = {AI can beat university students, study suggests},
  year      = {2024},
  url       = {https://www.bbc.com/news/articles/cqqqln0eg65o},
  note      = {BBC News}
}